@Manual{R-base,
  title = {R: A Language and Environment for Statistical Computing},
  author = {{R Core Team}},
  organization = {R Foundation for Statistical Computing},
  address = {Vienna, Austria},
  year = {2019},
  url = {https://www.R-project.org/},
}
@Manual{R-papaja,
  author = {Frederik Aust and Marius Barth},
  title = {{papaja}: {Create} {APA} manuscripts with {R Markdown}},
  year = {2018},
  note = {R package version 0.1.0.9842},
  url = {https://github.com/crsh/papaja},
}

@InCollection{,    title = {Mouse-tracking: {A} practical guide to implementation and analysis},    author = {Pascal J. Kieslich and Felix Henninger and Dirk U. Wulff and Jonas M. B. Haslbeck and Michael Schulte-Mecklenbeck},    year = {in press},    booktitle = {A {Handbook} of {Process} {Tracing} {Methods}},    address = {New York, NY},    publisher = {Routledge},    editor = {Michael Schulte-Mecklenbeck and Anton Kühberger and Joseph G. Johnson},  }@Manual{R-dplyr,
  title = {dplyr: A Grammar of Data Manipulation},
  author = {Hadley Wickham and Romain François and Lionel Henry and Kirill Müller},
  year = {2019},
  note = {R package version 0.8.1},
  url = {https://CRAN.R-project.org/package=dplyr},
}
@Manual{R-forcats,
  title = {forcats: Tools for Working with Categorical Variables (Factors)},
  author = {Hadley Wickham},
  year = {2019},
  note = {R package version 0.4.0},
  url = {https://CRAN.R-project.org/package=forcats},
}
@Book{R-ggplot2,
  author = {Hadley Wickham},
  title = {ggplot2: Elegant Graphics for Data Analysis},
  publisher = {Springer-Verlag New York},
  year = {2016},
  isbn = {978-3-319-24277-4},
  url = {https://ggplot2.tidyverse.org},
}
@Manual{R-purrr,
  title = {purrr: Functional Programming Tools},
  author = {Lionel Henry and Hadley Wickham},
  year = {2019},
  note = {R package version 0.3.2},
  url = {https://CRAN.R-project.org/package=purrr},
}
@Manual{R-readr,
  title = {readr: Read Rectangular Text Data},
  author = {Hadley Wickham and Jim Hester and Romain Francois},
  year = {2018},
  note = {R package version 1.3.1},
  url = {https://CRAN.R-project.org/package=readr},
}
@Manual{R-readxl,
  title = {readxl: Read Excel Files},
  author = {Hadley Wickham and Jennifer Bryan},
  year = {2019},
  note = {R package version 1.3.1},
  url = {https://CRAN.R-project.org/package=readxl},
}
@Manual{R-stringr,
  title = {stringr: Simple, Consistent Wrappers for Common String Operations},
  author = {Hadley Wickham},
  year = {2019},
  note = {R package version 1.4.0},
  url = {https://CRAN.R-project.org/package=stringr},
}
@Manual{R-tibble,
  title = {tibble: Simple Data Frames},
  author = {Kirill Müller and Hadley Wickham},
  year = {2019},
  note = {R package version 2.1.3},
  url = {https://CRAN.R-project.org/package=tibble},
}
@Manual{R-tidyr,
  title = {tidyr: Tidy Messy Data},
  author = {Hadley Wickham and Lionel Henry},
  year = {2019},
  note = {http://tidyr.tidyverse.org, https://github.com/tidyverse/tidyr},
}
@Manual{R-tidyverse,
  title = {tidyverse: Easily Install and Load the 'Tidyverse'},
  author = {Hadley Wickham},
  year = {2017},
  note = {R package version 1.2.1},
  url = {https://CRAN.R-project.org/package=tidyverse},
}
@Book{R-lattice,
  title = {Lattice: Multivariate Data Visualization with R},
  author = {Deepayan Sarkar},
  publisher = {Springer},
  address = {New York},
  year = {2008},
  note = {ISBN 978-0-387-75968-5},
  url = {http://lmdvr.r-forge.r-project.org},
}
@Article{R-plyr,
  title = {The Split-Apply-Combine Strategy for Data Analysis},
  author = {Hadley Wickham},
  journal = {Journal of Statistical Software},
  year = {2011},
  volume = {40},
  number = {1},
  pages = {1--29},
  url = {http://www.jstatsoft.org/v40/i01/},
}
@Manual{R-Rmisc,
  title = {Rmisc: Rmisc: Ryan Miscellaneous},
  author = {Ryan M. Hope},
  year = {2013},
  note = {R package version 1.5},
  url = {https://CRAN.R-project.org/package=Rmisc},
}
@Manual{R-openxlsx,
  title = {openxlsx: Read, Write and Edit XLSX Files},
  author = {Alexander Walker},
  year = {2018},
  note = {R package version 4.1.0},
  url = {https://CRAN.R-project.org/package=openxlsx},
}
@Manual{R-broom,
  title = {broom: Convert Statistical Analysis Objects into Tidy Tibbles},
  author = {David Robinson and Alex Hayes},
  year = {2019},
  note = {R package version 0.5.2},
  url = {https://CRAN.R-project.org/package=broom},
}
@InCollection{R-mousetrap,
  title = {Mouse-tracking: {A} practical guide to implementation and analysis},
  author = {Pascal J. Kieslich and Felix Henninger and Dirk U. Wulff and Jonas M. B. Haslbeck and Michael Schulte-Mecklenbeck},
  year = {in press},
  booktitle = {A {Handbook} of {Process} {Tracing} {Methods}},
  address = {New York, NY},
  publisher = {Routledge},
  editor = {Michael Schulte-Mecklenbeck and Anton Kühberger and Joseph G. Johnson},
}
@Manual{R-BayesFactor,
  title = {BayesFactor: Computation of Bayes Factors for Common Designs},
  author = {Richard D. Morey and Jeffrey N. Rouder},
  year = {2018},
  note = {R package version 0.9.12-4.2},
  url = {https://CRAN.R-project.org/package=BayesFactor},
}
@Article{R-circlize,
  title = {circlize implements and enhances circular visualization in R},
  author = {Zuguang Gu and Lei Gu and Roland Eils and Matthias Schlesner and Benedikt Brors},
  journal = {Bioinformatics},
  volume = {30},
  issue = {19},
  pages = {2811-2812},
  year = {2014},
}
@Article{R-coda,
  title = {CODA: Convergence Diagnosis and Output Analysis for MCMC},
  author = {Martyn Plummer and Nicky Best and Kate Cowles and Karen Vines},
  journal = {R News},
  year = {2006},
  volume = {6},
  number = {1},
  pages = {7--11},
  url = {https://journal.r-project.org/archive/},
  pdf = {https://www.r-project.org/doc/Rnews/Rnews_2006-1.pdf},
}
@Manual{R-cstab,
  title = {cstab: Selection of Number of Clusters via Normalized Clustering
Instability},
  author = {Jonas M. B. Haslbeck and Dirk U. Wulff},
  year = {2018},
  note = {R package version 0.2-2},
  url = {https://CRAN.R-project.org/package=cstab},
}
@Manual{R-diptest,
  title = {diptest: Hartigan's Dip Test Statistic for Unimodality - Corrected},
  author = {Martin Maechler},
  year = {2016},
  note = {R package version 0.75-7},
  url = {https://CRAN.R-project.org/package=diptest},
}
@Article{R-dotCall64_a,
  title = {{dotCall64}: An {R} package providing an efficient interface to compiled {C}, {C++}, and {Fortran} code supporting long vectors},
  author = {Florian Gerber and Kaspar Moesinger and Reinhard Furrer},
  journal = {SoftwareX},
  year = {2018},
  volume = {7},
  pages = {217--221},
  issn = {2352-7110},
  doi = {10.1016/j.softx.2018.06.002},
}
@Article{R-dotCall64_b,
  title = {Extending {R} packages to support 64-bit compiled code: An illustration with spam64 and {GIMMS} {NDVI3g} data},
  author = {Florian Gerber and Kaspar Moesinger and Reinhard Furrer},
  journal = {Computer & Geoscience},
  year = {2017},
  volume = {104},
  pages = {109--119},
  issn = {0098-3004},
  doi = {10.1016/j.cageo.2016.11.015},
}
@Article{R-fastcluster,
  title = {{fastcluster}: Fast Hierarchical, Agglomerative Clustering Routines for {R} and {Python}},
  author = {Daniel M\"ullner},
  journal = {Journal of Statistical Software},
  year = {2013},
  volume = {53},
  number = {9},
  pages = {1--18},
  url = {http://www.jstatsoft.org/v53/i09/},
}
@Misc{R-fields,
  title = {fields: Tools for spatial data},
  author = {{Douglas Nychka} and {Reinhard Furrer} and {John Paige} and {Stephan Sain}},
  note = {R package version 9.8-3},
  organization = {University Corporation for Atmospheric Research},
  address = {Boulder, CO, USA},
  year = {2017},
  url = {https://github.com/NCAR/Fields},
  doi = {10.5065/D6W957CT},
}
@Manual{R-foreach,
  title = {foreach: Provides Foreach Looping Construct},
  author = {{Microsoft} and Steve Weston},
  year = {2019},
  note = {R package version 1.4.7},
  url = {https://CRAN.R-project.org/package=foreach},
}
@Manual{R-jpeg,
  title = {jpeg: Read and write JPEG images},
  author = {Simon Urbanek},
  year = {2014},
  note = {R package version 0.1-8},
  url = {https://CRAN.R-project.org/package=jpeg},
}
@Manual{R-magrittr,
  title = {magrittr: A Forward-Pipe Operator for R},
  author = {Stefan Milton Bache and Hadley Wickham},
  year = {2014},
  note = {R package version 1.5},
  url = {https://CRAN.R-project.org/package=magrittr},
}
@Manual{R-maps,
  title = {maps: Draw Geographical Maps},
  author = {Original S code by Richard A. Becker and Allan R. Wilks. R version by Ray Brownrigg. Enhancements by Thomas P Minka and Alex Deckmyn.},
  year = {2018},
  note = {R package version 3.3.0},
  url = {https://CRAN.R-project.org/package=maps},
}
@Manual{R-Matrix,
  title = {Matrix: Sparse and Dense Matrix Classes and Methods},
  author = {Douglas Bates and Martin Maechler},
  year = {2019},
  note = {R package version 1.2-17},
  url = {https://CRAN.R-project.org/package=Matrix},
}
@Manual{R-pracma,
  title = {pracma: Practical Numerical Math Functions},
  author = {Hans W. Borchers},
  year = {2019},
  note = {R package version 2.2.5},
  url = {https://CRAN.R-project.org/package=pracma},
}
@Manual{R-processx,
  title = {processx: Execute and Control System Processes},
  author = {Gábor Csárdi and Winston Chang},
  year = {2019},
  note = {R package version 3.3.1},
  url = {https://CRAN.R-project.org/package=processx},
}
@Manual{R-psych,
  title = {psych: Procedures for Psychological, Psychometric, and Personality Research},
  author = {William Revelle},
  organization = { Northwestern University},
  address = { Evanston, Illinois},
  year = {2018},
  note = {R package version 1.8.12},
  url = {https://CRAN.R-project.org/package=psych},
}
@Manual{R-RColorBrewer,
  title = {RColorBrewer: ColorBrewer Palettes},
  author = {Erich Neuwirth},
  year = {2014},
  note = {R package version 1.1-2},
  url = {https://CRAN.R-project.org/package=RColorBrewer},
}
@Article{R-Rcpp_a,
  title = {{Rcpp}: Seamless {R} and {C++} Integration},
  author = {Dirk Eddelbuettel and Romain Fran\c{c}ois},
  journal = {Journal of Statistical Software},
  year = {2011},
  volume = {40},
  number = {8},
  pages = {1--18},
  url = {http://www.jstatsoft.org/v40/i08/},
  doi = {10.18637/jss.v040.i08},
}
@Article{R-Rcpp_b,
  title = {{Extending 	extit{R} with 	extit{C++}: A Brief Introduction to 	extit{Rcpp}}},
  author = {Dirk Eddelbuettel and James Joseph Balamuta},
  journal = {PeerJ Preprints},
  year = {2017},
  month = {aug},
  volume = {5},
  pages = {e3188v1},
  issn = {2167-9843},
  url = {https://doi.org/10.7287/peerj.preprints.3188v1},
  doi = {10.7287/peerj.preprints.3188v1},
}
@Manual{R-readbulk,
  title = {Readbulk: {A}n {R} package for reading and combining multiple data files},
  author = {Pascal J. Kieslich and Felix Henninger},
  year = {2016},
  doi = {10.5281/zenodo.596649},
}
@Manual{R-scales,
  title = {scales: Scale Functions for Visualization},
  author = {Hadley Wickham},
  year = {2018},
  note = {R package version 1.0.0},
  url = {https://CRAN.R-project.org/package=scales},
}
@Article{R-spam_a,
  title = {{spam}: A Sparse Matrix {R} Package with Emphasis on {MCMC} Methods for {G}aussian {M}arkov Random Fields},
  author = {Reinhard Furrer and Stephan R. Sain},
  journal = {Journal of Statistical Software},
  year = {2010},
  volume = {36},
  number = {10},
  pages = {1--25},
  url = {http://www.jstatsoft.org/v36/i10/},
}
@Article{R-spam_b,
  title = {Pitfalls in the Implementation of {B}ayesian Hierarchical Modeling of Areal Count Data: An Illustration Using {BYM} and {L}eroux Models},
  author = {Florian Gerber and Reinhard Furrer},
  journal = {Journal of Statistical Software, Code Snippets},
  year = {2015},
  volume = {63},
  number = {1},
  pages = {1--32},
  url = {http://www.jstatsoft.org/v63/c01/},
}
@Article{R-spam_c,
  title = {Extending {R} packages to support 64-bit compiled code: An illustration with spam64 and {GIMMS} {NDVI3g} data},
  author = {Florian Gerber and Kaspar Moesinger and Reinhard Furrer},
  journal = {Computer & Geoscience},
  year = {2017},
  volume = {104},
  pages = {109--119},
  issn = {0098-3004},
  doi = {10.1016/j.cageo.2016.11.015},
}
@Manual{R-yarrr,
  title = {yarrr: A Companion to the e-Book "YaRrr!: The Pirate's Guide to R"},
  author = {Nathaniel Phillips},
  year = {2017},
  note = {R package version 0.1.5},
  url = {https://CRAN.R-project.org/package=yarrr},
}
